@online{potential-flow,
    author = "Wikipedia",
    title = "Potential flow",
    date = "2020-05-10",
    url = "https://en.wikipedia.org/wiki/Potential_flow",
    keywords = "potential, flow"}